@book{borel-1991,
  author    = {Borel, Armand},
  title     = {Linear algebraic groups},
  series    = {Graduate Texts in Mathematics},
  volume    = {126},
  publisher = {Springer-Verlag},
  year      = {1991}
}

@article{borger-wieland-2005,
  author  = {Borger, James and Wieland, Ben},
  title   = {Plethystic algebra},
  journal = {Adv. Math.},
  volume  = {194},
  year    = {2005},
  number  = {2},
  pages   = {246}
}

@book{bourbaki-algebra-4-7,
  shorthand  = {Alg\textsubscript{4--7}},
  title      = {Algebra. {II}. {C}hapters 4--7},
  series     = {Elements of Mathematics},
  note       = {Translated from the French by P. M. Cohn and J. Howie},
  publisher  = {Springer-Verlag},
  year       = {1990},
  pagination = {none}
}

@book{bourbaki-lie-alg-1-3,
  shorthand = {Lie\textsubscript{1--3}},
  author    = {Bourbaki, Nicolas},
  title     = {Lie groups and {L}ie algebras. {C}hapters 1--3},
  series    = {Elements of Mathematics},
  note      = {Translated from the French, Reprint of the 1989 English translation},
  publisher = {Springer-Verlag},
  location  = {Berlin},
  year      = {1998}
}

@article{conrad-2007,
  author  = {Conrad, Brian},
  title   = {Deligne's notes on {N}agata compactifications},
  journal = {J. Ramanujan Math. Soc.},
  volume  = {22},
  year    = {2007},
  number  = {3},
  pages   = {205--257}
}

@book{conrad-gabber-prasad-2010,
  author    = {Conrad, Brian and Gabber, Ofer and Prasad, Gopal},
  title     = {Pseudo-reductive groups},
  series    = {New Mathematical Monographs},
  volume    = {17},
  publisher = {Cambridge University Press},
  year      = {2010}
}

@book{hartshorne-1977,
  author    = {Hartshorne, Robin},
  title     = {Algebraic geometry},
  publisher = {Springer-Verlag},
  year      = {1977}
}

@book{humphreys-1975,
  author    = {Humphreys, James},
  title     = {Linear algebraic groups},
  series    = {Graduate Texts in Mathematics},
  number    = {21},
  publisher = {Springer-Verlag},
  year      = {1975}
}

@book{jacobson-1979,
  author    = {Jacobson, Nathan},
  title     = {Lie algebras},
  note      = {Republication of the 1962 original},
  publisher = {Dover Publ. Inc.},
  location  = {New York},
  year      = {1979}
}

@booklet{milne-AGS,
  author       = {Milne, James},
  title        = {Basic theory of affine group schemes},
  year         = {2012},
  howpublished = {Online},
  url          = {http://www.jmilne.org/math/CourseNotes/AGS.pdf},
  pagination   = {none}
}

@booklet{milne-iAG,
  author       = {Milne, James},
  title        = {Algebraic groups},
  year         = {2014},
  howpublished = {Online},
  url          = {http://www.jmilne.org/math/CourseNotes/iAG.pdf},
  urldate      = {2014-10-02},
  pagination   = {none}
}

@online{milne-LAG,
  author = {Milne, James},
  title  = {Lie algebras, algebraic groups, and {L}ie groups},
  date   = {2014},
  url    = {http://www.jmilne.org/math/CourseNotes/LAG.pdf}
}

@book{sga3-i,
  shorthand = {SGA 3\textsubscript{I}},
  editor    = {Grothendieck, Alexandre and Demazure, Michel},
  title     = {Sch\'emas en groupes ({SGA} 3). {T}ome {I}. {P}ropri\'et\'es g\'en\'erales des sch\'emas en groupes},
  series    = {Lecture Notes in Mathematics},
  volume    = {151},
  publisher = {Springer-Verlag},
  year      = {1970},
  pagination={none}
}

@book{sga3-ii,
  shorthand = {SGA 3\textsubscript{II}},
  editor    = {Grothendieck, Alexandre and Demazure, Michel},
  title     = {Sch\'emas en groupes ({SGA} 3). {T}ome {II}. {G}roupes de type multiplicatif, et structure des sch\'emas en groupes g\'en\'eraux},
  series    = {Lecture Notes in Mathematics},
  volume    = {152},
  publisher = {Springer-Verlag},
  year      = {1970},
  pagination={none}
}
  

@book{sga3-iii,
  shorthand = {SGA 3\textsubscript{III}},
  editor    = {Grothendieck, Alexandre and Demazure, Michel},
  title     = {Sch\'emas en groupes ({SGA} 3). {T}ome {III}. {S}tructure des sch\'emas en groupes r\'eductifs},
  series    = {Lecture Notes in Mathematics},
  volume    = {153},
  publisher = {Springer-Verlag},
  year      = {1970},
  pagination={none}
}

@book{springer-2009,
  author    = {Springer, T.},
  title     = {Linear algebraic groups},
  series    = {Modern Mirkh\"auser Classics},
  edition   = {Second},
  publisher = {Birkh\"auser Boston},
  year      = {2009}
}

@incollection{vojta-2007,
  author    = {Vojta, Paul},
  title     = {Jets via {H}asse-{S}chmidt derivations},
  booktitle = {Diophantine geometry},
  series    = {CRM Series},
  volume    = {4},
  pages     = {335--361},
  publisher = {Ed. Norm.},
  location  = {Pisa},
  year      = {2007}
}

@book{waterhouse-1979,
  author    = {Waterhouse, William},
  title     = {Introduction to affine group schemes},
  series    = {Graduate Texts in Mathematics},
  volume    = {66},
  publisher = {Springer-Verlag},
  location  = {New York-Berlin},
  year      = {1979}
}
