@book{hartshorne-1977,
  author    = "Hartshorne, Robin",
  title     = "Algebraic geometry",
  publisher = "Springer-Verlag",
  year      = "1977"
}

@online{milne-LAG,
  author = {Milne, James},
  title  = {Lie algebras, algebraic groups, and lie groups},
  date   = {2014},
  url    = {http://www.jmilne.org/math/CourseNotes/LAG.pdf}
}


@book{sga3,
  shorthand = "SGA 3",
  author  = "Grothendieck",
  title   = "Seminaire de Geometrie algebrique",
  publisher = "Springer-Verlag",
  year = "1988"
}
